@book{libro1,
    author    = "Francisco Cobos",
    title     = "{Apuntes de Cálculo Numérico}",
    publisher = "Universidad de Sevilla",
	year = "2002"
}

@book{libro2,
    author    = "Steven Chapra and Raymond Canale",
    title     = "{Métodos Numéricos para Ingeniería}",
    publisher = "Mc. Graw Hill",
    year = "2007",
    edition = "5th ed."
}
